@article{schedl_2013,
    title={Leveraging Microblogs for Spatiotemporal Music Information Retrieval},
    DOI={10.1007/978-3-642-36973-5_87},
    journal={Lecture Notes in Computer Science},
    author={Schedl, Markus},
    year={2013},
    pages={796-799}
}

@article{abowd_et_al_1999,
    title={Towards a Better Understanding of Context and Context-Awareness},
    DOI={10.1007/3-540-48157-5_29},
    journal={Handheld and Ubiquitous Computing},
    author={Abowd, Gregory D. and Dey, Anind K. and Brown, Peter J. and Davies, Nigel and Smith, Mark and Steggles, Pete},
    year={1999},
    pages={304-307}
}

@article{baltrunas_et_al_2011,
    title={Matrix factorization techniques for context aware recommendation},
    DOI={10.1145/2043932.2043988},
    journal={Proceedings of the fifth ACM conference on Recommender systems - RecSys '11},
    author={Baltrunas, Linas and Ludwig, Bernd and Ricci, Francesco},
    year={2011}
}